@phdthesis{lorenz2019,
  title = {The {{Need}} for {{Accurate Pre-processing}} and  {{Data Integration}} for the {{Application}} of {{Hyperspectral Imaging}} in {{Mineral Exploration}}},
  author = {Lorenz, Sandra},
  year = {2019},
  month = nov,
  langid = {english},
  keywords = {!urgent,to read},
  file = {/home/ayoubf/MEGAsync/Zotero/PDF/2019/Lorenz_2019_The Need for Accurate Pre-processing and Data Integration for the Application.pdf}
}

@article{ball2007,
  title = {The {{Electromagnetic Spectrum}}: {{A History}}},
  shorttitle = {The {{Electromagnetic Spectrum}}},
  author = {Ball, David},
  year = {2007},
  month = mar,
  journal = {Spectroscopy},
  volume = {22},
  number = {3},
  pages = {14--20},
  file = {/home/ayoubf/Zotero/storage/UZBGJLGA/133.html}
}